<?xml version="1.0" encoding="UTF-8"?><collection xmlns="http://www.loc.gov/MARC21/slim"><record><leader>00376nam--2200133-i-4500</leader><controlfield tag="001">000021704</controlfield><controlfield tag="002">20161230</controlfield><controlfield tag="005">20161230201034</controlfield><controlfield tag="008">060222s1000------------r-----000-0-eng-d</controlfield><datafield ind1=" " ind2=" " tag="100"><subfield code="a">Hammond, Rolt</subfield></datafield><datafield ind1=" " ind2=" " tag="245"><subfield code="a">Separation and purification of materials</subfield></datafield><datafield ind1=" " ind2=" " tag="260"><subfield code="a">London, Heywood &amp; Co.Ltd.,1958. X + 327 P</subfield></datafield><datafield ind1=" " ind2=" " tag="490"><subfield code="a">Physical Processes In The Chemical Industry</subfield></datafield><datafield ind1=" " ind2=" " tag="852"><subfield code="a">14778</subfield></datafield></record></collection>